<record><leader>00000cas a22000007a 4500</leader><controlfield tag="001">11944557</controlfield><controlfield tag="008">850420d18981900wiuwr ne      0    0eng d</controlfield><datafield ind1=" " ind2=" " tag="010"><subfield code="a">sn 85040416 </subfield></datafield><datafield ind1=" " ind2=" " tag="040"><subfield code="a">NPV</subfield><subfield code="b">eng</subfield><subfield code="c">NPV</subfield><subfield code="d">OCLCQ</subfield></datafield><datafield ind1=" " ind2=" " tag="042"><subfield code="a">msc</subfield></datafield><datafield ind1="0" ind2=" " tag="130"><subfield code="a">Valley advocate (Valley Junction, Wis.)</subfield></datafield><datafield ind1="1" ind2="4" tag="245"><subfield code="a">The Valley advocate.</subfield></datafield><datafield ind1="1" ind2="3" tag="246"><subfield code="a">Advocate</subfield></datafield><datafield ind1=" " ind2=" " tag="260"><subfield code="a">Valley Junction, Wis. :</subfield><subfield code="b">[s.n.],</subfield><subfield code="c">1898-1900.</subfield></datafield><datafield ind1=" " ind2=" " tag="300"><subfield code="a">3 v. :</subfield><subfield code="b">ill.</subfield></datafield><datafield ind1=" " ind2=" " tag="310"><subfield code="a">Weekly</subfield></datafield><datafield ind1="0" ind2=" " tag="362"><subfield code="a">Vol. 1, no. 1 (Mar. 3, 1898)-v. 3, no. 29 (Sept. 13, 1900).</subfield></datafield><datafield ind1=" " ind2=" " tag="752"><subfield code="a">United States</subfield><subfield code="b">Wisconsin</subfield><subfield code="c">Monroe</subfield><subfield code="d">Valley Junction.</subfield></datafield><datafield ind1="0" ind2="4" tag="785"><subfield code="t">Warrens index</subfield><subfield code="w">(DLC)sn 85040415</subfield></datafield></record>